@book{Spurgeon2014,
author = {Spurgeon, Charles E. and Zimmerman, Joann},
edition = {2nd},
isbn = {9781449361846},
pages = {483},
publisher = {O'Reilly Media Inc.},
title = {{Ethernet: The Definitive Guide.}},
year = {2014}
}
@misc{,
title = {{iPerf - The ultimate speed test tool for TCP, UDP and SCTP}},
url = {https://iperf.fr/iperf-doc.php}
}
@book{Tanenbaum2011,
author = {Tanenbaum, Andrew S. and Wetherall, David J.},
booktitle = {Computer Networks},
edition = {5th},
publisher = {Prentice Hall},
title = {{Computer Networks}},
year = {2011}
}
@misc{ONeill2016,
author = {O'Neill, Tim},
title = {{Why Are You Hiding Your Duplicate Packets?}},
url = {https://www.garlandtechnology.com/blog/why-are-you-hiding-your-duplicate-packets},
urldate = {9/12/2016},
year = {2016}
}
@book{Kurose2013,
author = {Kurose, James F. and Ross, Keith W.},
edition = {6th},
isbn = {9780132856201},
publisher = {Pearson Education, Inc.},
title = {{Computer Networking: A Top-Down Approach}},
year = {2013}
}
@misc{Hurley2015,
author = {Hurley, Mike},
title = {{4 Causes of Packet Loss and How to Fix Them}},
url = {http://www.annese.com/blog/what-causes-packet-loss},
urldate = {9/12/2016},
year = {2015}
}

@book{Donahue2011,
author = {Donahue, Gary A.},
edition = {2nd},
isbn = {9781449387860},
publisher = {O'Reilly Media Inc.},
title = {{Network Warrior}},
year = {2011}
}
